<?xml version="1.0" encoding="UTF-8"?>
<OAI-PMH xsi:schemaLocation="http://www.openarchives.org/OAI/2.0/ http://www.openarchives.org/OAI/2.0/OAI-PMH.xsd" xmlns="http://www.openarchives.org/OAI/2.0/"
	xmlns:xsi="http://www.w3.org/2001/XMLSchema-instance">
	<responseDate>2019-02-18T15:47:41Z</responseDate>
	<request metadataPrefix="MARC21-xml" set="dnb-all:reiheN" verb="ListRecords" from="2019-02-18" until="2019-02-18">https://services.dnb.de/oai/accessToken~2294feca9242763df8edc225e62f3c6/repository</request>
	<ListRecords xsi:schemaLocation="http://www.loc.gov/MARC21/slim http://www.loc.gov/standards/marcxml/schema/MARC21slim.xsd">
		<record>
			<header>
				<identifier>oai:dnb.de/dnb-all:reiheN/1173927557</identifier>
				<datestamp>2019-02-18T12:00:19Z</datestamp>
				<setSpec>dnb-all:reiheN</setSpec>
			</header>
			<metadata>
				<record type="Bibliographic" xmlns="http://www.loc.gov/MARC21/slim">
					<leader>00000nam a2200000 c 4500</leader>
					<controlfield tag="001">1183722877</controlfield>
					<controlfield tag="003">DE-101</controlfield>
					<controlfield tag="005">20190425223043.0</controlfield>
					<controlfield tag="007">tu</controlfield>
					<controlfield tag="008">190416s2019 xxk||||| |||| 00||||eng  </controlfield>
					<datafield tag="015" ind1=" " ind2=" ">
						<subfield code="a">19,A01</subfield>
						<subfield code="2">dnb</subfield>
					</datafield>
					<datafield tag="016" ind1="7" ind2=" ">
						<subfield code="2">DE-101</subfield>
						<subfield code="a">1183722877</subfield>
					</datafield>
					<datafield tag="020" ind1=" " ind2=" ">
						<subfield code="a">9780241370384</subfield>
						<subfield code="c">Broschur</subfield>
						<subfield code="9">978-0-241-37038-4</subfield>
					</datafield>
					<datafield tag="035" ind1=" " ind2=" ">
						<subfield code="a">(DE-599)DNB1183722877</subfield>
					</datafield>
					<datafield tag="040" ind1=" " ind2=" ">
						<subfield code="a">1180</subfield>
						<subfield code="b">ger</subfield>
						<subfield code="c">DE-101</subfield>
						<subfield code="d">9999</subfield>
						<subfield code="e">rda</subfield>
					</datafield>
					<datafield tag="041" ind1=" " ind2=" ">
						<subfield code="a">eng</subfield>
						<subfield code="h">ger</subfield>
					</datafield>
					<datafield tag="044" ind1=" " ind2=" ">
						<subfield code="c">XA-GB</subfield>
					</datafield>
					<datafield tag="082" ind1="7" ind2="4">
						<subfield code="a">830</subfield>
						<subfield code="a">B</subfield>
						<subfield code="q">DE-101</subfield>
						<subfield code="2">23sdnb</subfield>
					</datafield>
					<datafield tag="100" ind1="1" ind2=" ">
						<subfield code="0">(DE-588)118512676</subfield>
						<subfield code="0">http://d-nb.info/gnd/118512676</subfield>
						<subfield code="0">(DE-101)118512676</subfield>
						<subfield code="a">Böll, Heinrich</subfield>
						<subfield code="d">1917-1985</subfield>
						<subfield code="e">Verfasser</subfield>
						<subfield code="4">aut</subfield>
					</datafield>
					<datafield tag="240" ind1="1" ind2="0">
						<subfield code="0">(DE-588)4521530-3</subfield>
						<subfield code="0">http://d-nb.info/gnd/4521530-3</subfield>
						<subfield code="0">(DE-101)954985354</subfield>
						<subfield code="a">Der Zug war pünktlich</subfield>
					</datafield>
					<datafield tag="245" ind1="0" ind2="0">
						<subfield code="a">The train was on time</subfield>
						<subfield code="c">Heinrich Böll ; translated from the German by Leila Vennewitz</subfield>
					</datafield>
					<datafield tag="264" ind1=" " ind2="1">
						<subfield code="a">[London]</subfield>
						<subfield code="b">Penguin Books</subfield>
						<subfield code="c">[2019]</subfield>
					</datafield>
					<datafield tag="300" ind1=" " ind2=" ">
						<subfield code="a">107 Seiten</subfield>
						<subfield code="c">20 cm</subfield>
					</datafield>
					<datafield tag="336" ind1=" " ind2=" ">
						<subfield code="a">Text</subfield>
						<subfield code="b">txt</subfield>
						<subfield code="2">rdacontent</subfield>
					</datafield>
					<datafield tag="337" ind1=" " ind2=" ">
						<subfield code="a">ohne Hilfsmittel zu benutzen</subfield>
						<subfield code="b">n</subfield>
						<subfield code="2">rdamedia</subfield>
					</datafield>
					<datafield tag="338" ind1=" " ind2=" ">
						<subfield code="a">Band</subfield>
						<subfield code="b">nc</subfield>
						<subfield code="2">rdacarrier</subfield>
					</datafield>
					<datafield tag="650" ind1=" " ind2="7">
						<subfield code="0">(DE-588)4544356-7</subfield>
						<subfield code="0">http://d-nb.info/gnd/4544356-7</subfield>
						<subfield code="0">(DE-101)956431186</subfield>
						<subfield code="a">Fronturlaub</subfield>
						<subfield code="2">gnd</subfield>
					</datafield>
					<datafield tag="650" ind1=" " ind2="7">
						<subfield code="0">(DE-588)4125506-9</subfield>
						<subfield code="0">http://d-nb.info/gnd/4125506-9</subfield>
						<subfield code="0">(DE-101)041255062</subfield>
						<subfield code="a">Rückkehr</subfield>
						<subfield code="2">gnd</subfield>
					</datafield>
					<datafield tag="655" ind1=" " ind2="7">
						<subfield code="0">(DE-588)1071854844</subfield>
						<subfield code="0">http://d-nb.info/gnd/1071854844</subfield>
						<subfield code="0">(DE-101)1071854844</subfield>
						<subfield code="a">Fiktionale Darstellung</subfield>
						<subfield code="2">gnd-content</subfield>
					</datafield>
					<datafield tag="655" ind1=" " ind2="7">
						<subfield code="0">(DE-101)1010008188</subfield>
						<subfield code="a">Erzählende Literatur: Gegenwartsliteratur ab 1945</subfield>
						<subfield code="2">gatbeg</subfield>
					</datafield>
					<datafield tag="689" ind1="0" ind2="0">
						<subfield code="0">(DE-588)4544356-7</subfield>
						<subfield code="0">http://d-nb.info/gnd/4544356-7</subfield>
						<subfield code="0">(DE-101)956431186</subfield>
						<subfield code="D">s</subfield>
						<subfield code="a">Fronturlaub</subfield>
					</datafield>
					<datafield tag="689" ind1="0" ind2="1">
						<subfield code="0">(DE-588)4125506-9</subfield>
						<subfield code="0">http://d-nb.info/gnd/4125506-9</subfield>
						<subfield code="0">(DE-101)041255062</subfield>
						<subfield code="D">s</subfield>
						<subfield code="a">Rückkehr</subfield>
					</datafield>
					<datafield tag="689" ind1="0" ind2=" ">
						<subfield code="5">DE-101</subfield>
						<subfield code="5">DE-101</subfield>
					</datafield>
					<datafield tag="850" ind1=" " ind2=" ">
						<subfield code="a">DE-101a</subfield>
					</datafield>
					<datafield tag="925" ind1="r" ind2=" ">
						<subfield code="a">ru</subfield>
					</datafield>
				</record>
			</metadata>
		</record>
	</ListRecords>
</OAI-PMH>